@article{arts2000dependency,
    title = {Termination of term rewriting using dependency pairs},
    journal = {Theoretical Computer Science},
    volume = {236},
    number = {1},
    pages = {133-178},
    year = {2000},
    doi = {10.1016/S0304-3975(99)00207-8},
    author = {Thomas Arts and JÃ¼rgen Giesl},
}